@Article{Au12001,
  author  = {Au1},
  journal = {JN1},
  title   = {ArtName1{\_}1},
  year    = {2001},
  pages   = {page1--page2},
}

@Book{Au22003,
  author    = {Au2},
  title = {BK2},
  publisher = {Publisher2},
  year      = {2003},
}

@InBook{Au32003,
  author    = {Au3},
  pages     = {page1--page2},
  publisher = {Publisher3},
  title     = {ArtName3, in BK3},
  year      = {2003},
}

@Article{Au42004,
  author  = {Au4},
  journal = {JN4},
  title   = {ArtName4},
  year    = {2004},
}

@Article{Au22005,
  author  = {Au1 and Au2 and Au3},
  journal = {JN5},
  title   = {ArtName5},
  year    = {2005},
  pages   = {page1--page2},
}

@Article{Au12002,
  author  = {Au1},
  journal = {JN1},
  title   = {ArtName1{\_}2},
  year    = {2002},
  pages   = {page1--page2},
}

@Article{Au22006,
  author  = {Au2 and Au1 and Au3 and Au4},
  journal = {JN6},
  title   = {ArtName6},
  year    = {2006},
  pages   = {page1--page2},
}

@Comment{jabref-meta: databaseType:bibtex;}
